<?xml version="1.0" encoding="UTF-8"?><collection xmlns="http://www.loc.gov/MARC21/slim"><record><leader>00384nam--2200133-i-4500</leader><controlfield tag="001">000037921</controlfield><controlfield tag="002">20161230</controlfield><controlfield tag="005">20161230201041</controlfield><controlfield tag="008">060222s1000------------r-----000-0-eng-d</controlfield><datafield ind1=" " ind2=" " tag="100"><subfield code="a">Rasmussen, E., Middelboe, V</subfield></datafield><datafield ind1=" " ind2=" " tag="245"><subfield code="a">Optical hyperfine structure of neon-21</subfield></datafield><datafield ind1=" " ind2=" " tag="260"><subfield code="a">Kobenhavn, Ejnar Munskaard, 1960, 15p</subfield></datafield><datafield ind1=" " ind2=" " tag="490"><subfield code="a">Det Kongelige Danske Videnskabernes Selskab</subfield></datafield><datafield ind1=" " ind2=" " tag="852"><subfield code="a">15680</subfield></datafield></record></collection>